<record><leader>00000cas a22000007a 4500</leader><controlfield tag="001">11838706</controlfield><controlfield tag="008">850322d187218uuvauwr ne      0    0eng d</controlfield><datafield ind1=" " ind2=" " tag="010"><subfield code="a">sn 85025664 </subfield></datafield><datafield ind1=" " ind2=" " tag="040"><subfield code="a">NPX</subfield><subfield code="b">eng</subfield><subfield code="c">NPX</subfield><subfield code="d">NPU</subfield><subfield code="d">NVK</subfield><subfield code="d">OCLCQ</subfield><subfield code="d">OCLCO</subfield></datafield><datafield ind1=" " ind2=" " tag="042"><subfield code="a">msc</subfield></datafield><datafield ind1=" " ind2=" " tag="043"><subfield code="a">n-us-va</subfield></datafield><datafield ind1="0" ind2=" " tag="130"><subfield code="a">Virginia people (Snowville, Va. : 1872: Weekly)</subfield></datafield><datafield ind1="1" ind2="4" tag="245"><subfield code="a">The Virginia people.</subfield></datafield><datafield ind1=" " ind2=" " tag="260"><subfield code="a">Snowville, Va. :</subfield><subfield code="b">[Heermans and Hoffman]</subfield></datafield><datafield ind1=" " ind2=" " tag="300"><subfield code="a">v. ;</subfield><subfield code="c">51-61 cm.</subfield></datafield><datafield ind1=" " ind2=" " tag="310"><subfield code="a">Weekly</subfield></datafield><datafield ind1="1" ind2=" " tag="362"><subfield code="a">Began in Aug. 1872.</subfield><subfield code="z">Cf. Gregory, W. Amer. newspapers.</subfield></datafield><datafield ind1=" " ind2=" " tag="500"><subfield code="a">Issued simultaneously at Snowville, Newbern, and Dublin.</subfield></datafield><datafield ind1=" " ind2=" " tag="500"><subfield code="a">Publisher: C.A. Heermans, &lt;1876&gt;.</subfield></datafield><datafield ind1=" " ind2=" " tag="500"><subfield code="a">Editor: Heermans and Hoffman, &lt;1873&gt; &amp; C.A. Heermans, &lt;1876&gt;.</subfield></datafield><datafield ind1=" " ind2=" " tag="588"><subfield code="a">Description based on: Vol. 2, no. 8 (Feb. 21, 1873).</subfield></datafield><datafield ind1=" " ind2="0" tag="651"><subfield code="a">Snowville (Va.)</subfield><subfield code="v">Newspapers.</subfield></datafield><datafield ind1=" " ind2="0" tag="651"><subfield code="a">Newbern (Va.)</subfield><subfield code="v">Newspapers.</subfield></datafield><datafield ind1=" " ind2="0" tag="651"><subfield code="a">Dublin (Va.)</subfield><subfield code="v">Newspapers.</subfield></datafield><datafield ind1=" " ind2=" " tag="752"><subfield code="a">United States</subfield><subfield code="b">Virginia</subfield><subfield code="c">Pulaski</subfield><subfield code="d">Snowville.</subfield></datafield><datafield ind1=" " ind2=" " tag="752"><subfield code="a">United States</subfield><subfield code="b">Virginia</subfield><subfield code="c">Pulaski</subfield><subfield code="d">Newbern.</subfield></datafield><datafield ind1=" " ind2=" " tag="752"><subfield code="a">United States</subfield><subfield code="b">Virginia</subfield><subfield code="c">Pulaski</subfield><subfield code="d">Dublin.</subfield></datafield><datafield ind1="0" ind2="0" tag="785"><subfield code="t">Pulaski people</subfield></datafield></record>